<?xml version="1.0" encoding="UTF-8"?><collection xmlns="http://www.loc.gov/MARC21/slim"><record><leader>00579nam--2200181-i-4500</leader><controlfield tag="001">000045774</controlfield><controlfield tag="002">20161230</controlfield><controlfield tag="005">20161230201045</controlfield><controlfield tag="008">060222s1000------------r-----000-0-fre-d</controlfield><datafield ind1=" " ind2=" " tag="040"><subfield code="a">IFIN-HH</subfield></datafield><datafield ind1=" " ind2=" " tag="041"><subfield code="a">fre</subfield></datafield><datafield ind1=" " ind2=" " tag="080"><subfield code="a">533.9...13:621.039.647(043)</subfield></datafield><datafield ind1="1" ind2=" " tag="100"><subfield code="a">Tsekeris,Jean</subfield></datafield><datafield ind1="1" ind2="0" tag="245"><subfield code="a">Neutralisation d`un faisceau d`ions positifs de deuterium a basse energie cibles d2, co2 et xe. production d'ions negatifs d- sur la cible de xe</subfield><subfield code="b">These</subfield><subfield code="c">Jean tsekeris</subfield></datafield><datafield ind1=" " ind2=" " tag="260"><subfield code="a">Paris</subfield><subfield code="b">Universite</subfield><subfield code="c">1979</subfield></datafield><datafield ind1=" " ind2=" " tag="300"><subfield code="a">170 P</subfield></datafield><datafield ind1=" " ind2=" " tag="852"><subfield code="a">48636</subfield><subfield code="c">533.9</subfield></datafield><datafield ind1=" " ind2=" " tag="CAT"><subfield code="a">Sys</subfield><subfield code="c">20110117</subfield><subfield code="h">161033</subfield></datafield></record></collection>